<?xml version="1.0" encoding="UTF-8"?>
<searchRetrieveResponse xmlns="http://www.loc.gov/zing/srw/">
    <version>1.1</version>
    <numberOfRecords>2</numberOfRecords>
    <records>
        <record>
            <recordSchema>MARC21-xml</recordSchema>
            <recordPacking>xml</recordPacking>
            <recordData>
                <record xmlns="http://www.loc.gov/MARC21/slim" type="Bibliographic">
                    <leader>00000nam a2200000 ca4500</leader>
                    <controlfield tag="001">1139716913</controlfield>
                    <controlfield tag="003">DE-101</controlfield>
                    <controlfield tag="005">20170912104856.0</controlfield>
                    <controlfield tag="007">tu</controlfield>
                    <controlfield tag="008">170912s2015    gw ||||| |||| 00||||ger  </controlfield>
                    <datafield tag="016" ind1="7" ind2=" ">
                        <subfield code="2">DE-101</subfield>
                        <subfield code="a">1139716913</subfield>
                    </datafield>
                    <datafield tag="020" ind1=" " ind2=" ">
                        <subfield code="a">9783956492150</subfield>
                        <subfield code="c">Broschur : EUR 10.99 (DE), EUR 11.30 (AT), sfr 16.50 (freier Pr.)</subfield>
                        <subfield code="9">978-3-95649-215-0</subfield>
                    </datafield>
                    <datafield tag="020" ind1=" " ind2=" ">
                        <subfield code="a">3956492153</subfield>
                        <subfield code="9">3-95649-215-3</subfield>
                    </datafield>
                    <datafield tag="035" ind1=" " ind2=" ">
                        <subfield code="a">(DE-599)DNB1139716913</subfield>
                    </datafield>
                    <datafield tag="035" ind1=" " ind2=" ">
                        <subfield code="a">(OCoLC)895310657</subfield>
                    </datafield>
                    <datafield tag="040" ind1=" " ind2=" ">
                        <subfield code="a">1240</subfield>
                        <subfield code="b">ger</subfield>
                        <subfield code="c">DE-101</subfield>
                        <subfield code="d">1240</subfield>
                        <subfield code="e">rda</subfield>
                    </datafield>
                    <datafield tag="041" ind1=" " ind2=" ">
                        <subfield code="a">ger</subfield>
                        <subfield code="h">eng</subfield>
                    </datafield>
                    <datafield tag="044" ind1=" " ind2=" ">
                        <subfield code="c">XA-DE-HH</subfield>
                    </datafield>
                    <datafield tag="082" ind1="7" ind2="4">
                        <subfield code="a">810</subfield>
                        <subfield code="a">B</subfield>
                        <subfield code="q">DE-101</subfield>
                        <subfield code="2">23sdnb</subfield>
                    </datafield>
                    <datafield tag="100" ind1="1" ind2=" ">
                        <subfield code="0">(DE-588)136893570</subfield>
                        <subfield code="0">http://d-nb.info/gnd/136893570</subfield>
                        <subfield code="0">(DE-101)136893570</subfield>
                        <subfield code="a">Frost, Jeaniene</subfield>
                        <subfield code="e">Verfasser</subfield>
                        <subfield code="4">aut</subfield>
                    </datafield>
                    <datafield tag="245" ind1="0" ind2="0">
                        <subfield code="a">Broken Destiny</subfield>
                        <subfield code="c">Jeaniene Frost ; aus dem Amerikanischen von Ira Panic</subfield>
                    </datafield>
                    <datafield tag="246" ind1="1" ind2=" ">
                        <subfield code="i">Abweichender Titel</subfield>
                        <subfield code="a">Broken Destiny-Reihe</subfield>
                    </datafield>
                    <datafield tag="250" ind1=" " ind2=" ">
                        <subfield code="a">Deutsche Erstveröffentlichung</subfield>
                    </datafield>
                    <datafield tag="259" ind1=" " ind2=" ">
                        <subfield code="a">dee</subfield>
                    </datafield>
                    <datafield tag="264" ind1=" " ind2="1">
                        <subfield code="a">Hamburg</subfield>
                        <subfield code="b">HarperCollins Germany GmbH</subfield>
                        <subfield code="c">September 2015-</subfield>
                    </datafield>
                    <datafield tag="300" ind1=" " ind2=" ">
                        <subfield code="c">19 cm</subfield>
                    </datafield>
                    <datafield tag="336" ind1=" " ind2=" ">
                        <subfield code="a">Text</subfield>
                        <subfield code="b">txt</subfield>
                        <subfield code="2">rdacontent</subfield>
                    </datafield>
                    <datafield tag="337" ind1=" " ind2=" ">
                        <subfield code="a">ohne Hilfsmittel zu benutzen</subfield>
                        <subfield code="b">n</subfield>
                        <subfield code="2">rdamedia</subfield>
                    </datafield>
                    <datafield tag="338" ind1=" " ind2=" ">
                        <subfield code="a">Band</subfield>
                        <subfield code="b">nc</subfield>
                        <subfield code="2">rdacarrier</subfield>
                    </datafield>
                    <datafield tag="490" ind1="0" ind2=" ">
                        <subfield code="a">Soul</subfield>
                    </datafield>
                    <datafield tag="655" ind1=" " ind2="7">
                        <subfield code="0">(DE-588)1071854844</subfield>
                        <subfield code="0">http://d-nb.info/gnd/1071854844</subfield>
                        <subfield code="0">(DE-101)1071854844</subfield>
                        <subfield code="a">Fiktionale Darstellung</subfield>
                        <subfield code="2">gnd-content</subfield>
                    </datafield>
                    <datafield tag="700" ind1="1" ind2=" ">
                        <subfield code="0">(DE-588)1065196989</subfield>
                        <subfield code="0">http://d-nb.info/gnd/1065196989</subfield>
                        <subfield code="0">(DE-101)1065196989</subfield>
                        <subfield code="a">Panic, Ira</subfield>
                        <subfield code="e">Übersetzer</subfield>
                        <subfield code="4">trl</subfield>
                    </datafield>
                </record>
            </recordData>
            <recordPosition>1</recordPosition>
        </record>