
        <record>
            <recordSchema>MARC21-xml</recordSchema>
            <recordPacking>xml</recordPacking>
            <recordData>
                <record xmlns="http://www.loc.gov/MARC21/slim" type="Bibliographic">
                    <leader>00000pam a2200000 cb4500</leader>
                    <controlfield tag="001">1060414554</controlfield>
                    <controlfield tag="003">DE-101</controlfield>
                    <controlfield tag="005">20170912104819.0</controlfield>
                    <controlfield tag="007">tu</controlfield>
                    <controlfield tag="008">141104s2015    gw ||||| |||| 00||||ger  </controlfield>
                    <datafield tag="015" ind1=" " ind2=" ">
                        <subfield code="a">16,A12</subfield>
                        <subfield code="z">14,N46</subfield>
                        <subfield code="2">dnb</subfield>
                    </datafield>
                    <datafield tag="016" ind1="7" ind2=" ">
                        <subfield code="2">DE-101</subfield>
                        <subfield code="a">1060414554</subfield>
                    </datafield>
                    <datafield tag="020" ind1=" " ind2=" ">
                        <subfield code="a">9783956492150</subfield>
                        <subfield code="c">Broschur : EUR 10.99 (DE), EUR 11.30 (AT), sfr 16.50 (freier Pr.)</subfield>
                        <subfield code="9">978-3-95649-215-0</subfield>
                    </datafield>
                    <datafield tag="020" ind1=" " ind2=" ">
                        <subfield code="a">3956492153</subfield>
                        <subfield code="9">3-95649-215-3</subfield>
                    </datafield>
                    <datafield tag="024" ind1="3" ind2=" ">
                        <subfield code="a">9783956492150</subfield>
                    </datafield>
                    <datafield tag="028" ind1="5" ind2="2">
                        <subfield code="a">Best.-Nr.: 65112</subfield>
                    </datafield>
                    <datafield tag="035" ind1=" " ind2=" ">
                        <subfield code="a">(DE-599)DNB1060414554</subfield>
                    </datafield>
                    <datafield tag="035" ind1=" " ind2=" ">
                        <subfield code="a">(OCoLC)895310657</subfield>
                    </datafield>
                    <datafield tag="040" ind1=" " ind2=" ">
                        <subfield code="a">1245</subfield>
                        <subfield code="b">ger</subfield>
                        <subfield code="c">DE-101</subfield>
                        <subfield code="d">1240</subfield>
                        <subfield code="e">rda</subfield>
                    </datafield>
                    <datafield tag="041" ind1=" " ind2=" ">
                        <subfield code="a">ger</subfield>
                        <subfield code="h">eng</subfield>
                    </datafield>
                    <datafield tag="044" ind1=" " ind2=" ">
                        <subfield code="c">XA-DE-HH</subfield>
                    </datafield>
                    <datafield tag="082" ind1="7" ind2="4">
                        <subfield code="a">810</subfield>
                        <subfield code="a">B</subfield>
                        <subfield code="q">DE-101</subfield>
                        <subfield code="2">23sdnb</subfield>
                    </datafield>
                    <datafield tag="100" ind1="1" ind2=" ">
                        <subfield code="0">(DE-588)136893570</subfield>
                        <subfield code="0">http://d-nb.info/gnd/136893570</subfield>
                        <subfield code="0">(DE-101)136893570</subfield>
                        <subfield code="a">Frost, Jeaniene</subfield>
                        <subfield code="e">Verfasser</subfield>
                        <subfield code="4">aut</subfield>
                    </datafield>
                    <datafield tag="240" ind1="1" ind2="0">
                        <subfield code="a">&#152;The&#156; beautiful ashes</subfield>
                    </datafield>
                    <datafield tag="245" ind1="0" ind2="0">
                        <subfield code="a">Dämonenasche</subfield>
                        <subfield code="b">Roman</subfield>
                        <subfield code="c">Jeaniene Frost ; aus dem Amerikanischen von Ira Panic</subfield>
                    </datafield>
                    <datafield tag="250" ind1=" " ind2=" ">
                        <subfield code="a">Deutsche Erstveröffentlichung, 1. Auflage</subfield>
                    </datafield>
                    <datafield tag="259" ind1=" " ind2=" ">
                        <subfield code="a">11</subfield>
                    </datafield>
                    <datafield tag="264" ind1=" " ind2="1">
                        <subfield code="a">Hamburg</subfield>
                        <subfield code="b">HarperCollins Germany GmbH</subfield>
                        <subfield code="c">September 2015</subfield>
                    </datafield>
                    <datafield tag="300" ind1=" " ind2=" ">
                        <subfield code="a">316 Seiten</subfield>
                        <subfield code="c">19 cm</subfield>
                    </datafield>
                    <datafield tag="336" ind1=" " ind2=" ">
                        <subfield code="a">Text</subfield>
                        <subfield code="b">txt</subfield>
                        <subfield code="2">rdacontent</subfield>
                    </datafield>
                    <datafield tag="337" ind1=" " ind2=" ">
                        <subfield code="a">ohne Hilfsmittel zu benutzen</subfield>
                        <subfield code="b">n</subfield>
                        <subfield code="2">rdamedia</subfield>
                    </datafield>
                    <datafield tag="338" ind1=" " ind2=" ">
                        <subfield code="a">Band</subfield>
                        <subfield code="b">nc</subfield>
                        <subfield code="2">rdacarrier</subfield>
                    </datafield>
                    <datafield tag="490" ind1="1" ind2=" ">
                        <subfield code="a">Broken Destiny</subfield>
                        <subfield code="v">[Teil 1]</subfield>
                    </datafield>
                    <datafield tag="490" ind1="1" ind2=" ">
                        <subfield code="a">Mira Taschenbuch</subfield>
                        <subfield code="v">Band 65112</subfield>
                    </datafield>
                    <datafield tag="490" ind1="0" ind2=" ">
                        <subfield code="a">Soul</subfield>
                    </datafield>
                    <datafield tag="653" ind1=" " ind2=" ">
                        <subfield code="a">(Produktform)Paperback / softback</subfield>
                    </datafield>
                    <datafield tag="653" ind1=" " ind2=" ">
                        <subfield code="a">(VLB-WN)2132: Taschenbuch / Belletristik/Fantasy</subfield>
                    </datafield>
                    <datafield tag="653" ind1=" " ind2=" ">
                        <subfield code="a">Dämonen</subfield>
                    </datafield>
                    <datafield tag="653" ind1=" " ind2=" ">
                        <subfield code="a">Engel</subfield>
                    </datafield>
                    <datafield tag="653" ind1=" " ind2=" ">
                        <subfield code="a">Romantasy</subfield>
                    </datafield>
                    <datafield tag="653" ind1=" " ind2=" ">
                        <subfield code="a">Stephenie Meyer</subfield>
                    </datafield>
                    <datafield tag="653" ind1=" " ind2=" ">
                        <subfield code="a">J.R. Ward</subfield>
                    </datafield>
                    <datafield tag="655" ind1=" " ind2="7">
                        <subfield code="0">(DE-588)1071854844</subfield>
                        <subfield code="0">http://d-nb.info/gnd/1071854844</subfield>
                        <subfield code="0">(DE-101)1071854844</subfield>
                        <subfield code="a">Fiktionale Darstellung</subfield>
                        <subfield code="2">gnd-content</subfield>
                    </datafield>
                    <datafield tag="655" ind1=" " ind2="7">
                        <subfield code="0">(DE-101)1010885626</subfield>
                        <subfield code="a">Fantasy</subfield>
                        <subfield code="2">gatbeg</subfield>
                    </datafield>
                    <datafield tag="700" ind1="1" ind2=" ">
                        <subfield code="0">(DE-588)1065196989</subfield>
                        <subfield code="0">http://d-nb.info/gnd/1065196989</subfield>
                        <subfield code="0">(DE-101)1065196989</subfield>
                        <subfield code="a">Panic, Ira</subfield>
                        <subfield code="e">Übersetzer</subfield>
                        <subfield code="4">trl</subfield>
                    </datafield>
                    <datafield tag="776" ind1="0" ind2="8">
                        <subfield code="i">Erscheint auch als</subfield>
                        <subfield code="n">Online-Ausgabe</subfield>
                        <subfield code="a">Frost, Jeaniene</subfield>
                        <subfield code="t">Broken Destiny: Dämonenasche</subfield>
                        <subfield code="d">Köln : MIRA Taschenbuch, 2015</subfield>
                        <subfield code="h">Online-Ressource</subfield>
                        <subfield code="w">(DE-101)1074760050</subfield>
                    </datafield>
                    <datafield tag="800" ind1="1" ind2=" ">
                        <subfield code="a">Frost, Jeaniene</subfield>
                        <subfield code="4">aut</subfield>
                        <subfield code="t">Broken Destiny</subfield>
                        <subfield code="v">[Teil 1]</subfield>
                        <subfield code="w">(DE-101)1139716913</subfield>
                        <subfield code="9">11</subfield>
                        <subfield code="7">am</subfield>
                    </datafield>
                    <datafield tag="830" ind1=" " ind2="0">
                        <subfield code="a">Mira Taschenbuch</subfield>
                        <subfield code="v">Band 65112</subfield>
                        <subfield code="w">(DE-101)968307434</subfield>
                        <subfield code="w">(DE-600)2365694-3</subfield>
                        <subfield code="9">565112</subfield>
                        <subfield code="7">as</subfield>
                    </datafield>
                    <datafield tag="850" ind1=" " ind2=" ">
                        <subfield code="a">DE-101a</subfield>
                        <subfield code="a">DE-101b</subfield>
                    </datafield>
                    <datafield tag="856" ind1="4" ind2="2">
                        <subfield code="m">X:MVB</subfield>
                        <subfield code="q">text/html</subfield>
                        <subfield code="u">http://deposit.dnb.de/cgi-bin/dokserv?id=4816618&amp;prov=M&amp;dok_var=1&amp;dok_ext=htm</subfield>
                        <subfield code="3">Inhaltstext</subfield>
                    </datafield>
                    <datafield tag="925" ind1="r" ind2=" ">
                        <subfield code="a">ra</subfield>
                    </datafield>
                </record>
            </recordData>
            <recordPosition>2</recordPosition>
        </record>
    </records>
    <nextRecordPosition>3</nextRecordPosition>
    <echoedSearchRetrieveRequest>
        <version>1.1</version>
        <query>isbn=9783956492150</query>
        <xQuery xmlns:xsi="http://www.w3.org/2001/XMLSchema-instance" xsi:nil="true"/>
        <recordSchema>MARC21-xml</recordSchema>
    </echoedSearchRetrieveRequest>
    <extraResponseData>
        <accountOf xmlns="">BCSS Software &amp; Beratung SRU</accountOf>
    </extraResponseData>
</searchRetrieveResponse><?xml version="1.0" encoding="UTF-8"?>
<searchRetrieveResponse xmlns="http://www.loc.gov/zing/srw/">
    <version>1.1</version>
    <diagnostics>
        <diag:diagnostic xmlns:diag="http://www.loc.gov/zing/srw/diagnostic/">
            <diag:uri>info:srw/diagnostic/1/66</diag:uri>
            <diag:details>Unknown schema for retrieval</diag:details>
            <diag:message>requestedRecordSchema</diag:message>
        </diag:diagnostic>
    </diagnostics>
</searchRetrieveResponse>{"IsValid":"True","Error":"","ItemLookupRequest":"9783802581519","count":1,"Items":[{"name":"Dragon Love - Rendezvous am H\u00ef\u00bf\u00bdllentor","publisher":"LYX","releasedate":"2009-12-07","author":"Katie MacAlister","isbn":"9783802581519","price":"EUR 9,95","thumbnail":"https:\/\/images-eu.ssl-images-amazon.com\/images\/I\/51Pc6ie3uRL._SL160_.jpg","smallThumbnail":"https:\/\/images-eu.ssl-images-amazon.com\/images\/I\/51Pc6ie3uRL._SL75_.jpg","url":"https:\/\/www.amazon.de\/Dragon-Love-Rendezvous-am-H%C3%B6llentor\/dp\/3802581512?SubscriptionId=AKIAIXS3GMXKUYUOWD5Q&tag=bielemeierde-21&linkCode=xm2&camp=2025&creative=165953&creativeASIN=3802581512","type":"Book","image":"\/9j\/4AAQSkZJRgABAQAAAQABAAD\/2wBDAAUDBAQEAwUEBAQFBQUGBwwIBwcHBw8LCwkMEQ8SEhEPERETFhwXExQaFRERGCEYGh0dHx8fExciJCIeJBweHx7\/2wBDAQUFBQcGBw4ICA4eFBEUHh4eHh4eHh4eHh4eHh4eHh4eHh4eHh4eHh4eHh4eHh4eHh4eHh4eHh4eHh4eHh4eHh7\/wAARCACgAHQDASIAAhEBAxEB\/8QAHwAAAQUBAQEBAQEAAAAAAAAAAAECAwQFBgcICQoL\/8QAtRAAAgEDAwIEAwUFBAQAAAF9AQIDAAQRBRIhMUEGE1FhByJxFDKBkaEII0KxwRVS0fAkM2JyggkKFhcYGRolJicoKSo0NTY3ODk6Q0RFRkdISUpTVFVWV1hZWmNkZWZnaGlqc3R1dnd4eXqDhIWGh4iJipKTlJWWl5iZmqKjpKWmp6ipqrKztLW2t7i5usLDxMXGx8jJytLT1NXW19jZ2uHi4+Tl5ufo6erx8vP09fb3+Pn6\/8QAHwEAAwEBAQEBAQEBAQAAAAAAAAECAwQFBgcICQoL\/8QAtREAAgECBAQDBAcFBAQAAQJ3AAECAxEEBSExBhJBUQdhcRMiMoEIFEKRobHBCSMzUvAVYnLRChYkNOEl8RcYGRomJygpKjU2Nzg5OkNERUZHSElKU1RVVldYWVpjZGVmZ2hpanN0dXZ3eHl6goOEhYaHiImKkpOUlZaXmJmaoqOkpaanqKmqsrO0tba3uLm6wsPExcbHyMnK0tPU1dbX2Nna4uPk5ebn6Onq8vP09fb3+Pn6\/9oADAMBAAIRAxEAPwD5hklRW3Ouw+1aWnkyxb4st2Kmq1tY\/bT83LdTXQeG7WMX8MJQFRkjPqBx\/KvSR8riK0IQfdGrp9og0lIblNrNlnXH3ue\/4Ypk0b26SSwQmaZjheMlj2z6AVq39vj94rHHfNVLcSxbnkmLsWyOMBR6CqsfPQrOV5X31sPs7eQeXc3DuJfLxJHn5d3t6d6wdQiuba\/nWT5oZMtH26mutjeI2rNL8oxgfWq19YreW6eYVVlOcg8dOaGhYfFOM7yWj0OTtYZLlxGPmJPQ9CKo6Vez+EfGVlqN0pRIpslQ2Ts5GfyJ\/CuxsrSO2kWVcFT94Hv9Kk162stT094riFcMMbmHTj1rkxGH9qrrc+gy\/PFhqnK1eD\/A+u\/B+oo3w9ujZSolze2JlhlC7gVZflcevBzXyz4o0fQtE0OS1S81G41RyWmnZ\/kd+uQvQD25r6B+HmlyS\/BvwxZXlw1pqMWjQrbT5O1kVflDeqldv0z+FfOnxc167XW7jTp4liuIDsKDgH1YHvnivBpc\/tLJn37cFDmtv19TgblmwwaRx65HasmCOG71xIriZYLOKMzSyMeqrzx6knjHepp5JpSPNO1O\/v7VWgvbixv47u3EbNGR8kiB0bByMg+\/5V6ClrqefWTcGonew2kNupa1tctjdl+XbPOOenNJaX1jIpM1tsk7hkGQfeuf0bXbKbUJrzVL+e0uiQY8gtGfUZHQe2K25rdLu7n1CwkjubVmyGjbOR6n6+9erGpGS0PiK+X1acn7S789fuHzWaPIXt5JRG3I2PxRVPdIhIJkQ9cAkUVZycs1pzGDpfnEhVPXtXRactwt3CqrvkzkZHAHvXP2+6MEjggcYrX8N3x+1yW0is1xIuVYDI2jsfSkjsxSlJSkkWbVb5L\/APeSCZomLyKTwo+vr7VtWqebao5ZmIGSSuCfwqtdajb27GFwzzryUX+pqlAmo6lMLh5zb2y85BwMew7\/AFNVszzailWjzNcqJ3vLu7JtLaIIrcc8kL6n0q7FOsksemwEuqD52HtW\/wCHfA+sato41ZQNI0Fn2DULolBOwznbwWbgN90Hpjjv0nhfRPA0s0mlaLq8VzraKTFHeW5itrnHJTcrF+R64+lctXF06W71PSw2S18UlyQsujenz7v5HDaFpOqaxdMtnZzSxRtmWQLiOIf7T9B+Jr3Hwx4I8P8AgvVdDXxmYdR1LVJSllE2PskDLggnON5JKgZGMt071Hf6PrGs+HLfRvDUrafJeopbSrkKRp7Ag7g6YyFPBBzuU\/KQa4DW9b1bUWvNK8Z6HNqJ8PzLZz3dneeVOJGAVQFYMJdwRQCEDEIBk4rzKuNlWVk7L8T6zCZFQwrUpLmf4fd\/me2fGXxAdE1fTtNNvd3V+UNzIIYwUhhztLuSRgZ44BPHSvkn4zXYvvFr3UEm+JlAU9wPTNeq6n490rxJo1rbHxFJPe2ELQ2N7fxeVcFcc2t1yVdSAdkoPUEMFJBrwaeefVtVSCNTulfZEpOTnOMfnxXNCnyyuexKreFjKZi78k4pk+OSOa7zxt8O9T8Mabb3GozRRvLg7c9z2HrjvWdB4OkOlDUbm4UIfuxqMsfr6VsqkdzF05HF7M53Dilh328gntZJYJOzxkqa0L2zdJtoTYoPX1rXbS0ksVkiA4HStXUSMPZt3RlJ4j1hVCySRXBH8cqAtRTm08ljkd6KtV33Od4OD3ivuLkMZKB8k5HFaumPc2sO2CKOORzzJtyx\/Om6Jpt4u03Fu3ldcFgD+tdFcQ2yWm94ZIio+U\/eH6V66R8RicVFS5NyjY6cE2mXLSzDzJ2PJK54XPv1Ndd4G0R\/FnjfTPDePLgeVTcbR\/ABuP5KCfwFZEDI12Ysjc0SspHoK9W\/Zp0tm8eahqoAKw6e24nszMqj9M\/rWVefs6TkjLL4\/W8bCnPr\/T\/A7z40aDceIvDV94O0NfJv7GKPUtGtY+PPhjQxSwxjuyj5sdTketYC2Wl\/E\/UPC+o6EdK0218NDdJpsEGy+glChfJlHG2MMC2SDu7dzXZfFKwvdW0jSLDSj5GrzamotL8MVezAjdndWXBHC9Aefrise8+D3hfRrWbXrvxH4lj1lMO+tQ3J89pScDCKpZyWIG3JJzjNfPNXW5+nxdntoXNdvYPBfhvVNUhj8ye2t5Lhy38ZVSQCfTivkzUb3Xo9T0zX9Tv5ft2oN\/aUM4PO8SMAxPQnIzjoAwHtXtjfEJ9X0LUNH8TPFdfZ7z+yr++ELQGaCYMkczRsAUfeMMpHfPavJ4LK1e6t\/BHjK9uLS401pBo15GwWK4jds9xgsDgYyDjis6ScL3\/pGtRqdrFHxdqENxo2p61f3EZ16+myY1tVWKRCPmcMpAV89tuDyc5rmfhRcoPFtrDJB9qWHMkanqpB7evJqTxJFdaRqs1trNtK9rGWSCcxMiylWBUoSOM49D1Pbmr3gLxFpX\/Cd6bJexqqT5h88Db9nLkYDdiMgZb3zxzXTvF2Oe6Ulc9E+KNzcano9tBq0xle2Ytbog5GTk5Nc14fmkuIRBLkRrwAK6fxzYT293LFcqQ+Tiub0yEwxOxO1iPTrXMn7p0y3uZ\/iG1hDEr354FYtvN5BKFjtI71vauwk3HeBgVxt7KVkK7uAetaw1RhPQvXDZlOD+lFZQuD3Y\/nRWvKzLmOglvtOt5SlvayXRU4aZpDlvoetT2WuulwsW2by26xy8lfdW6\/gai8OWDW+or588cUkJIKN\/GD3HbFaOr3kq3AS2t1nhHDuY9wz6A19B5n53U9m5+ztzabt\/0vuL04SeJZrGUGaM5AHXHoa9k\/Zz1tba214bVjuHghYg9lV2Bx+LCvBoUkDrJFI0cg9P5V67+z\/cQ3vjNdLuohuvLWWIunHKjeCR\/wD9a5sbFyoSsb5Najj6XVXt6X0\/U90ufEtvbXEDXDxJEF8zecZX1P\/fOenvWte6v4P17ws1\/Lq+lXWhPII5Jp7gRxLICCEYsRhs4ODjPuDXkvx+8JX39jxyabeywvFHkFCc\/pUMV9p\/hf4GL4T0DVLa+8X+IWV9RtrQG4fynXlRtBVW8vYpHXLNj2+foJybuz9Gr2ik0jI+L+iW+pXOuvczMq61PDJLJBj54olAQA9OSCxP8AtD0rxvWfCtiLdrLTbmdECgiG4fzYXP8AtDqD\/tLgiumsL+70PTYfCOousuqNekW9ksm+SytyMuZcZCBSGIQndlsYFZepSMs7rGeQeWxS96MtykoyinY4O71XVNPtGs715brT1c281rOd727D+EMfvIRypPBHpTPCtokni3SLzRIrRruG7iZbW5yYZiWBX1OD06cEe1N8ZOsdxds0gZ7mONCucnKkncfwwBVPwPPJaeK9CnW5tbWVZRIsl0W8pMSblLhQWI4PAGTmuyKuro45O0rM+qfi7pnk2dte3EO28ljHnIr7lRj1AbA3DPfA+leYGHKNuG0dAK7zx\/47k1DT7Wa4ju9ajlTC3UdhFYQE5wRGZJMuB06A\/wAq4W71KCS1JEE0OR80c8ZR0J9R3+oyK5KkXFnVTkpROR8SMYiyqeBXG3DFpD65rovEV1vdgGyD0rAgTzHZz0XmuikrK5hUd3YgfKtjg0U6XBcnOPxorYysj0Hzbm2t83VpFcJGM+Yp\/XGOKdbarBdMIvLaOQ8KoGQfy6Vk6prMctp9jtmZ2bAkkYYz64FUoVLLgErkYJB617l+x+crCKUb1FZ\/10NLUblZNRJibcqKFLA8Zr2j9krTW1Dxte6qwymn2Tc+jyHav6B68JtraZpkhgRpZJGCRxoMs5JwAB3JNfS37KM8Oi+FNfvL1PJmuLpYgGGCRGCD+TFh9Qa5MbPloSPaybDKeLhbZfoaH7RevS2tgttE4Bf5ck9ua8+8J6j4Yi8PkSeKta8PXlxCY7uOE4t5yDwSw5xtK5Vsc5wewz\/2jPFdvea1FCsgwG4AP615x4c17Upb7WbLStPtdWaa0VvsVxaifd5eSWQdQwUtyO2c14FJPc+6qNctmdbFceEfDzXUVjrWmzz3PEs4uY97L2QAHgd8VyHjK7jaE4hknZj8qRyMjgeox\/Xisxb650y1nvpNIH2gEK0VrbLBFbswLKskgGd5AYhc5wDXL3mvate7pjKiJ\/dUAD8AeTXSqfM+Y5pVOVWB4UjbF2xwT8sKndI\/1xW94BtluPHGnahqlgb2KGdGFkiBt4B4XBwD9CcevFY1sswmeKS0Nvdxu0c8Zj2MjKcEEdQR6GtBL\/UdKjS404mGVWBaTaDgdjz05xzVt20RlGN9We7eLvEvhvWNfudD8QeCrfS9QSHN1c6leCSZioG1VJ4AIIwqHAHQYFeMX817pfiK\/wBH0Wfz7GE7kt53yqggEgEnggnHXtzUut6x4kmtEvvEN\/aS3SqAl1cwLPcKv8OHwenbrjtiuVs7qP8AtF2hklb90d0kh+Z2JGTURi5O5pKXIki9dXlxLMfOjSIf3Q24n8aep8uHb681Sf53zk1NGHYAKpxWjikjNO7GuCzZGKKlK9jRRcdi3CjMQw6VftpwkgXGfWqMBd12x8DvXolr4c0W20D7ZdbSyWkd00zOW3B22hQoA5BByc9q9epVVO1+uh8zRwNTFuaja0Vd62srpX89WtFqYGkX8Flr2m3k5kENvdxSy+UoZ9quCdoJAJwOBkV7x4OEMXhJdft9KmihvJZJXtAw8rYG2AoWJZQVBIX5trfxHPHlNhoWh38KXcU4hhEio9yG+WFmOF81TyqE4G8EgEjOM17z4tkk8L2tn4Pe2sY7aLSGuDdksWUREK67BgElyCDnofbnzcwrxlBJb3PayTK61Ko27ONm001Z23+aW63201R88eLdfsW8TWxvHnuIYLOSCfdaRkvN50jI2M\/88nVSc8EYGcA1m+C5\/wDi5snizTnuYI9KgmuLYpDgpM3mCAY3dAWUnngAgAgCtbxJ4ctrqB9XsZd5aP7SCOUli3bSRnlWVuCpz1zmus8DaHZ2\/h5YlT\/TdUgnuEO04BhGVTPqR5rY\/wBketctOa5bP+metWw1ZStGN3bm\/wC3Vq38lf8ALcPD66Z4g02\/tbTTJ4yurLqP2J0V0EjREvuJOcGU7BlT+7jXPPB57xXoWhxeMIdD0rTJI7O1T7ReQGFWRW3tIqu4YHBBRM5Dbeg7V63Hr9rf+FjrlmUivbzMFukUatK06rukBzwFRcsXbgAg9wDj2GhqtsbNDYz3V2PPuDJI6tO7DIBmI64OBlcZrlVV6yOlYZtRV7J9X1\/rvt5nKX1ro2o2017cLOdSmW1a7nMQbzJYY5I2bcW3HePJdierBs9ATj3+u6XdeL7u7sraa3iIvNgS3RV2yJL5O5cnDo7x8qQMKDjKjPoKeH9OtbSN5hLmeOPZbDHmea67jFk8Arhsk4ACkmuW06Dw7c6rc6dYpY3F9ICiw+a6Fz6JKRtLem5QPcVSm9WxfV22loumrS\/r128zmW8TaJEyvqNi96gt4Ekt\/syFXlWSNpG5OMYSTgAb92DgcjziO0gtY3gR\/PQMdkhTaSOx\/wDrHpXr2l+B7bF3dMGv4lDGK3kzFN5gYK8JABxIu4HGOe3Wua8SeEl068S+szJNpMzlFZ12yQSD70Ui\/wALr6d+o4Nbwmtr+ZjWwdaEHUnGyT5X5Ps108ns+hwvllSDjH1qxASQ2Twor0jUvDmiDwn9uQxF\/IaXeCdwZWVSmOh+8Dn68V5wQQhUdCea05rmE6Tp2v1VytISXJ\/rRRIcOcDiiq1MtCzp1wnLFwteo6mjSeAwyKT\/AMS+1\/LzpK8dOYpVXbzmvT9D8fWa6SljJBNv8hLdhhDGUQ5XgrnOSTnNelW5nytLZ\/ozzMBGlH26lK3PBxW+\/NF9PJM3\/hXpfl6N4q1S\/VksYdDuI8EcPPIBHAo9T5jKR\/u+1eheP5Xt4tAh1yVYTY+E\/s16XjMpyjQo4OGU53Z5z2qP4W6jpd1oNxrMlq08mnzhrKOUjyYpgmRKI1AUuN3ys24rzjFcN4y8S3OqNNBsurq7eB7RUCqYzEzbmyMbixYA5z2rycVP2lZ+Vl+p9BlCp4TB+yTvfmd7dXHlSX6t\/pq\/VbWefSILbTokULiG7EX+qjtC29JIu\/lt1ZiSdwAOOBW\/YX7w6Mljp0Ukl7aOmr26CWMfNDzggNnHkAqV6k9q8+8K+JLjSPL0TWRJaPEhigkdiolhY\/Payd9jfoSfU1tWVzPoHin+0tODSSsQyCZQTDk8g4yGHuDg\/pSo0ua8Zf1\/wToxmPjR9niqUU3dXjr7tuis\/hl87bPXf0Lx3pkUt8r6CkcNtrXhy4bTiiBRNOXE7Djo7w7V9zxWd4R1WHxBpNgbdoRcOgikEpYbJVGCpxyOR+RzWvpkcUvgu1tI7TUb7QEPm232wBZrdgxIaN0AKYJbB6gHHTisW006fTnu9W0JdRMcv+uk8qIuCMjdu27Q3XnbmuFbWZ1YidGco8ktI+7r1V209Otnqu+qeukGqytf6bpE8LrDNqNvdoqhyRBNKoEQJPdghXPufevIPCVlexahcebHKl1CSNpXDBs102o315bajsjt\/NsBCLY2cr7tyAkjkY+YE5BGMV0ml6jcTFybPUWvNmfnhjacjHeTbk\/UjPvWkL2sRjalCs1yPlUbpJ31jzNrvqr2aflruaEqySpqsjNiWWe1P\/bYRp5x+u5lz71Sk1yLWdXvIJ2hbVpiY51nYLFqajojn+CUfwyevB4Nct\/wkurWl\/cLNpl2ICuAkI+dMNvzls8lhkk8nn1ri9Z1+S\/1ybUAhhZ3LEABcH6DgfhXRGnpZ\/1uY1ce7qcHrs01vFRjHXo78t3ro9V3O98W6VHp3hSU2Ny0tuyyh4JflntHDoDHKnVSCRg9D2ryp2wpz9a6rWPGl5q2lvaXKK1xJCsEtx\/FKikFd3qRjGfTA7CuRuCdhx0q4p9TixEqcpL2V7W69O687dH2NfRILQ2O+5Ub3ckZ9On9KKmkgkSG2WPaF8hD+OKK9eFCPKj5ipiW5uzFk0\/b4fvGmAJklAQAZwynGf51kW9uquByretauo6j5kKWlpG0dtF3c\/M59TVfIlQMQK6LJnl051IxfN1Z7V8MAtt8OZGcjDXTuT2IAArmfCmq2U\/iX7LNGkolEilWH+yxz9QcflV7SLlrT4awRIefKkfr\/eJOfyxXE\/DeA3HipbyWZY4LdJHkd2wPuNx9SeB9a+dn71ab82fc4S6pUY9dCXxuGvNf0W3SPOywgmlPUuxXczE9SSTXcaTanTPDkt66SM6WhvJyuQwQyCONARyAWJLEdgAOprNutGWe+sb6K9strWMEbbpQPLKoAyt6EH+VdjpL+dFbS2qTXCrZSWd\/DHGWeS1LlknjQ\/fCtksvXYenUjRyUcOlF9r+h2vCzq5lVnUi1rJRb0XPq0rvS9r287GxpllpflWSyW8WnySRJ5OqWK+VPCxAw+5cb17lWyCPwIbe3NnNYWmu31lbJrek3klrrEUUY23Ua\/u5HC9CVDI68DHzYwAKXSRoY0WG2t9Yt54rdsxwwSebIU67UT7+PQMMr0PTNcB4s8Si016CQbWkFzLc30YbchMpw0WRwQEwp9TntXE43en9djvoYqVCDddO6asnvZ3U4662a37Ss9zGkluYPiDcQThJhZys5VuVkH8P4Hj8DV7wxrMGrya1aRKggs44RFN\/EW81Az5685I+hxVT4jT2NnoaXNi3+l4Fss+4Hz4cAxNjsVQhT+FZPwmihjsdbnaZY1aOBFjdstI3nKWPTpgE49K0lGLpOT7EYTnoZjSoQd1zxenVX938Hf52exp63P4kj8WawbewtTYxzuiIoG0LuIG39OleeXs32m8nuGUK0jksAOleiaha+I5PFer+XqloljLcOwlLjZtzkFcc+mMV55rlr\/Z2qzWbPuZD8x966IqN9LfI8qt7X2cXLmtd77X02\/X5ESdPSopxwRTomz1NNnPynsapHMmbNxdORFtXgRKP0oq3c23lMibN2I1\/lRXtxT5UfIzqQ5mO0nSJdR8RRaA03kySBysojL5CozjCjBOduB7mrL+DtWi1GSBpY44IoIZpmmxHJF5ighHjYgq4JwRng1Npc4gn07xAWhLWsDq4mXdGylCjbhkcAFq6WA\/FC+toLvTvh5q9\/a3trEqai9rKhu7cYMTFlIDLt2gE9VxnNKT5Xe5OHvWhyQj7y3fRf1uJ4xsdX0vwlPZLbiF7WNI5vOlSPaDtAbJIBU7l5HBz1xXE+Gl8S6FqMFsLU2moXMirBC86JMzNIYxhSdxO9WHA7V33xT0z4lTaTMv\/AAhmpXGn+W3nI1k5jtoywdgrKdwG9QcEkDLY+8c+daT481231qPUNUtLS5ubCJrePzFZGiLF+VAYKrL5jgEDKjGMYFeRQpc3zPq8RUcI6dEet6tqviy0uxpzXDuLaASC7juV27dxUsxzj7wbkE9D0xXLeMX8axa7pg063vH1HBuYJY2DGRuMYIOCCuCP7wbjIrN0XxxbSSR25kSG1LSf6NNCShSTAaPIySg5IGcqzMQQSTXQ3vifXotM022vYLa5SeMPYXEYKtHCVGIGAIK7QAobk4HUGunF8tOCS6nj5WqlWu5TTVl17s5rW\/HeveILeQ2ZuHuYIGnvEsrkExqq7nkwMgoF5JB45BAxXL3x1eC1u5tQtJlWBIJJZjt27Z13wnKkgll5GOwPoaveJ9Y1TTtTPie0MaX9zIsV6SpPmqgxtbnLK4A37slyMkkkk89f+KtY1PQRoky262YAEMQi2hMNu+RuvUtwScbmxjJrlhCEo3PalOUWdRN4K1yW98jffzWQ0RdYju\/sEhiYNai5EIPTcQwTOcbuKzYo\/EugWQ1e1uPJtGIjN1bXAKpISQYiR\/GMZKjoCCeCKzrbxlq9t4jXWUjt7S+XTo9NjkjRl8qNIFgVl5yHEagbvXnrVqXxJeSWE2nPYacLCa6+2NaLEyxLcYwZFAbjIx8v3eAAAK0cUjPmZpW9z4zF1NapdPHcpdmxkD3caf6QDgx5LAE579PeshtH1ueafzrcRTwtILiO4nSKWMp98sjsGGMjJIp1z411KO4kZbHTzLPeG\/nVUk2yTEklmG\/kZ5CngYHFVbbxJqFzEsUskc7x2L2CvKmZBC3+0OWKjCqWztUBegAA4pK4czNGy8N+Ip1Yw6azhX8lwJUJSXcqeUwz8sm50Gw\/Nk9OtZ9u8UlzbgtmNpF3H2zWxa+NvEFrPezWrWsEuousl8Y4cC5kDBi7rnB3YIIxtId+BuNYNxtBYxIsYzuCIThfYZJOPqTUadDRXasdxrC7b91Z1GOmPSitUwxXkMFzHFGwkhRiSoznHvRXuRs0mfn1SryzaaehxFhcjUPDV1pYkWO458tWYDcDz\/PP519ufCvxv4Xs\/hZ4U0BvHWi2Gsw6JYRx251ECaCeOP8AeKYyGXoSpBz06ZAr4J1a1BClsAjpjvXV\/B2ESeKIZ3iL+QGcKeccHkVx4he65Poj6vAJU5e5tN6n2f8AFvx14Lj8Ka9ZQ+ONC8u4s\/Lt7CXU\/wB5uXYNyhvvFgpBBPG0Ecs+fhibSLjUNSuIbLY4MhkeTd8gB6cjrx6VrfEwLqPiwTyxuIFcIXIwvLc4rRu47rSLG42JH5lw4+yAdctwM\/Qc1ng\/fXMx5viJULQhu9rk1lEt\/cjTrfZFYWe0XMmMjPGIx+mTTtKvIrTxnp1tr7tJo4n8kTmRUEUbHnLEgADOc5FSW\/k6N4dYsC8YZVkbbuyxOS7e3Gffp3rlfFF27Tsk0aTQygurZDq2R1DD\/wCsfUVtiIRmrSPPyypKmuaG1\/v8zpdT0jQdTe8gTXrWCwuojNbTGRWAYIpG5SwdNzEkAglQNpJYGubl8NaWbY283iexQRhVD5UjcVXa3DZ27jIGwCyhVJHzEDl3aRLnfHIyHJwQcEfjUk8v2lSsiASEEK6Dr9R0\/LH41xqjy7HuOu5bkNxFunnjgmEvlSFPmIIlAOAw6jJx2\/OrFrIJ4s\/dcHDKexqlbw4ZkJLF12gKOp7frU6JJDKxlIDkYf5h1HenysXtEOsEDLJOxwWcj8B2qPUF8qWO6TAO7BA706BvLeRRtKMdy+x70y4BmKgsNoOTS5HcftIl9AGbODj1qRgNh5wO9VWumPCIqiopZJHX5nOPSl7Jsft4rY7rRLyS60m2k3GPanlgDuFOM\/pRWNp0k9vp1uifMpTcCB6kmivSg2oo8OpRi5t2P\/\/Z"}]}